% bibtex bibliography file
%  

@conference{
	CPMDRL,
	author = {Zhengyao Jiang and Jinjun Liang},
	title = {Cryptocurrency Portfolio Management with Deep Reinforcement Learning},
	booktitle = {Intelligent Systems Conference},
	year = {2017},
	month = {May},
	url = {http://arxiv.org/abs/1612.01277},
}

@article{
	Heaton2017,
	author = {J.B. Heaton and Nick Polson and Jan Witte},
	title = {Deep Learning for Finance: Deep Portfolios},
	journal = {Applied Stochastic Models in Business and Industry},
	year = {2017},
	month = {October},
	volume = {33},
	number = {1},
	pages = {3 - 12},
	url = {http://dx.doi.org/10.1002/asmb.2209},
}

@masterthesis{
	Cumming2015,
	author = {James Cumming},
	title = {An Investigation into the Use of Reinforcement Learning Techniques within the Algorithmic Trading Domain},
	school = {Imperial College London - Department of Computing},
	year = {2015},
	month = {June},
	url = {https://www.doc.ic.ac.uk/teaching/distinguished-projects/2015/j.cumming.pdf},
}

@article {
	Moody2001,
	author={J. Moody and M. Saffell},
	title={Learning to Trade via Direct Reinforcement},
	journal={IEEE Transactions on Neural Networks},
	year={2001},
	month = {July},
	volume={12},
	number={4},
	pages={875 - 889},
	url = {http://people.idsia.ch/~juergen/rnnaissance2003talks/MoodySaffellTNN01.pdf},
}

@article {
	Ban2016,
	author = {Gah-Yi Ban and Noureddine {El Karoui} and Andrew E.B. Lim},
	title = {Machine Learning and Portfolio Optimization},
	journal = {Management Science},
	year = {2016},
	month = {November},
	volume = {},
	number = {},
	pages = {},
	URL = {https://doi.org/10.1287/mnsc.2016.2644}
}

@incollection {
	Das2011,
	author = {Puja Das and Arindam Banerjee},
	title = {Meta Optimization and its Application to Portfolio Selection},
	booktitle = {Proceedings of the ACM SIGKDD International Conference on Knowledge Discovery and Data Mining},
	year = {2011},
	isbn = {9781450308137},
	pages = {1163 - 1171},
	url = {https://dl.acm.org/citation.cfm?doid=2020408.2020588},
}

@article {
	Li2014,
	author = {Bin Li and Steven C.H. Hoi},
	title = {Online Portfolio Selection: A Survey},
	journal = {ACM Computing Surveys (CSUR)},
	year = {2014},
	month = {January},
	volume = {46},
	number = {3},
	pages = {},
	URL = {https://dl.acm.org/citation.cfm?id=2512962}
}

@article {
	Li2012,
	author = {Bin Li and Peilin Zhao and Steven C. H. Hoi},
	title = {PAMR: Passive Aggressive Mean Reversion Strategy for Portfolio Selection},
	journal = {Machine Learning},
	year = {2012},
	month = {May},
	volume = {87},
	number = {2},
	pages = {221 - 258},
	URL = {https://link.springer.com/article/10.1007/s10994-012-5281-z}
}

@article {
	Chang2009,
	author = {Tun-Jen Chang and Sang-Chin Yang and Kuang-Jung Changi},
	title = {Portfolio Optimization Problems in Different Risk Measures Using Genetic Algorithm},
	journal = {Expert Systems with Applications},
	year = {2009},
	month = {},
	volume = {36},
	number = {7},
	pages = {10529 - 10537},
	URL = {https://www.sciencedirect.com/science/article/pii/S0957417409002188}
}